[gd_scene load_steps=12 format=2]

[ext_resource path="res://player/girl_walk_body.glb" type="PackedScene" id=1]
[ext_resource path="res://player/camroot.gd" type="Script" id=2]
[ext_resource path="res://player/player.gd" type="Script" id=3]

[sub_resource type="CapsuleShape" id=1]

[sub_resource type="AnimationNodeAnimation" id=2]
animation = "loop-run"

[sub_resource type="AnimationNodeAnimation" id=3]
animation = "loop-idle"

[sub_resource type="AnimationNodeTimeScale" id=4]

[sub_resource type="AnimationNodeTimeScale" id=5]

[sub_resource type="AnimationNodeBlend2" id=6]

[sub_resource type="AnimationNodeBlendSpace2D" id=7]

[sub_resource type="AnimationNodeBlendTree" id=8]
graph_offset = Vector2( -853, 227.5 )
nodes/Animation/node = SubResource( 3 )
nodes/Animation/position = Vector2( -420, 160 )
"nodes/Animation 2/node" = SubResource( 2 )
"nodes/Animation 2/position" = Vector2( -439, 375.5 )
nodes/TimeScale/node = SubResource( 5 )
nodes/TimeScale/position = Vector2( -260, 320 )
"nodes/TimeScale 2/node" = SubResource( 4 )
"nodes/TimeScale 2/position" = Vector2( -220, 180 )
nodes/iwr_blend/node = SubResource( 6 )
nodes/iwr_blend/position = Vector2( -20, 260 )
nodes/strafe/node = SubResource( 7 )
nodes/strafe/position = Vector2( -740, 100 )
node_connections = [ "output", 0, "iwr_blend", "TimeScale 2", 0, "Animation", "iwr_blend", 0, "TimeScale 2", "iwr_blend", 1, "TimeScale", "TimeScale", 0, "Animation 2" ]

[node name="girl" type="KinematicBody"]
collision_mask = 2
script = ExtResource( 3 )

[node name="CollisionShape" type="CollisionShape" parent="."]
transform = Transform( 0.999848, 0.0174524, -7.62869e-10, 0, -4.37114e-08, -1, -0.0174524, 0.999848, -4.37047e-08, 0, 1.26667, 0 )
shape = SubResource( 1 )

[node name="AnimationTree" type="AnimationTree" parent="."]
tree_root = SubResource( 8 )
anim_player = NodePath("../Mesh/girl_walk_body/AnimationPlayer")
active = true
root_motion_track = NodePath("Armature/Skeleton:Root")
parameters/TimeScale/scale = 1.94
"parameters/TimeScale 2/scale" = 0.2
parameters/iwr_blend/blend_amount = 0.0
parameters/strafe/blend_position = Vector2( 0, 0 )

[node name="Mesh" type="Spatial" parent="."]

[node name="girl_walk_body" parent="Mesh" instance=ExtResource( 1 )]

[node name="camroot" type="Spatial" parent="."]
script = ExtResource( 2 )

[node name="h" type="Spatial" parent="camroot"]

[node name="v" type="Spatial" parent="camroot/h"]

[node name="Camera" type="ClippedCamera" parent="camroot/h/v"]
transform = Transform( -0.999913, 0, 0.0131943, 0, 1, 0, -0.0131943, 0, -0.999913, 0, 2.89292, -10.4175 )

[node name="Timer" type="Timer" parent="camroot"]

[editable path="Mesh/girl_walk_body"]
